ISA*00*          *00*          *ZZ*EMPLOYER       *ZZ*INSURER        *230901*1600*^*00501*000000701*0*P*:~
GS*RA*EMPLOYER*INSURER*20230901*1600*701*X*005010X218~
ST*820*000000001*005010X218~
BPR*I*25750.00*C*ACH*CCP*01*999888777*DA*111222333**01*011000015*DA*987654321*20230901~
TRN*1*PREMPAY20230901001*1234567890~
DTM*009*D8*20230901~
N1*PR*ACME CORPORATION*FI*111222333~
N3*500 CORPORATE PLAZA~
N4*BIGCITY*TX*75001~
N1*IN*UNITED HEALTH PLANS*FI*444555666~
N3*200 PAYER BOULEVARD~
N4*PAYERVILLE*MN*55111~
ENT*1*2P*FI*111222333~
REF*38*GROUPNUM001~
RMR*11*INV202309-001*PI*12500.00*12500.00~
REF*1L*GROUPNUM001~
DTP*582*D8*20230901~
RMR*11*INV202309-002*PI*8250.00*8250.00~
REF*1L*GROUPNUM002~
DTP*582*D8*20230901~
ENT*2*2P*FI*222333444~
REF*38*GROUPNUM003~
RMR*11*INV202309-003*PI*5000.00*5000.00~
REF*1L*GROUPNUM003~
DTP*582*D8*20230901~
SE*24*000000001~
GE*1*701~
IEA*1*000000701~