ISA*00*          *00*          *ZZ*ACMEPAYER      *ZZ*PROVIDERID     *230720*0930*^*00501*000000201*0*P*:~
GS*HP*ACMEPAYER*PROVIDERID*20230720*0930*201*X*005010X221A1~
ST*835*000000001*005010X221A1~
BPR*I*1875.50*C*ACH*CCP*01*999888777*DA*123456789**01*011000015*DA*987654321*20230720~
TRN*1*TRACE20230720001*1234567890~
DTM*405*D8*20230720~
N1*PR*ACME HEALTH PLAN*XV*12345~
N3*100 INSURANCE BLVD~
N4*PAYERTOWN*CA*90210~
PER*CX*EDI DEPARTMENT*TE*8005551234~
N1*PE*DR SMITH MEDICAL GROUP*XX*1234567890~
N3*456 PROVIDER AVE*SUITE 200~
N4*ANYTOWN*NY*12345~
REF*TJ*987654321~
LX*1~
CLP*PATIENT-001*1*500*350*50*12*PAYERCN001*11*1~
CAS*CO*45*100~
CAS*PR*1*30**2*20~
NM1*QC*1*DOE*JOHN****MI*MEM001~
NM1*IL*1*DOE*JOHN****MI*MEM001~
REF*EA*MEDREC001~
REF*D9*ORIGCLAIM001~
DTM*232*D8*20230601~
DTM*233*D8*20230615~
SVC*HC:99213:25*250*175*UN*1~
CAS*CO*45*50~
CAS*PR*1*15**2*10~
DTM*472*D8*20230615~
REF*6R*CHARGE001~
LQ*HE*N130~
SVC*HC:99395*250*175**1~
CAS*CO*45*50~
CAS*PR*1*15**2*10~
DTM*472*D8*20230615~
REF*6R*CHARGE002~
CLP*PATIENT-002*1*800*650*75*12*PAYERCN002*11*1~
CAS*CO*45*75~
NM1*QC*1*SMITH*JANE****MI*MEM002~
NM1*IL*1*SMITH*BOB****MI*MEM003~
REF*EA*MEDREC002~
DTM*232*D8*20230610~
SVC*HC:99214*300*250**1~
CAS*CO*45*50~
DTM*472*D8*20230612~
SVC*HC:71046*500*400**1~
CAS*CO*45*25*253*75~
DTM*472*D8*20230612~
REF*6R*CHARGE003~
LQ*HE*MA18~
CLP*PATIENT-003*4*200*0*0*12*PAYERCN003*11*1~
CAS*CO*16*200~
NM1*QC*1*JONES*ALICE****MI*MEM004~
REF*EA*MEDREC003~
DTM*232*D8*20230605~
SVC*HC:99212*200*0**1~
CAS*CO*16*200~
DTM*472*D8*20230607~
LQ*HE*N657~
PLB*987654321*20230720*72:OVERPAY001*-125.50*L6:INT001*1.00~
SE*52*000000001~
GE*1*201~
IEA*1*000000201~
